@online{wix,
  author  = {WIX},
  title   = {WIX - Crie um website sem limites},
  year    = {2024},
  url     = {https://www.wix.com/},
  note    = {Criador de Portfólio online},
  urldate = {2024-11-13}
}

@online{europass,
  author  = {União~Europeia},
  title   = {EUROPASS},
  year    = {2024},
  url     = {https://europa.eu/europass/eportfolio/screen/cv-editor?lang=pt},
  note    = {Criador de CV online},
  urldate = {2024-11-13}
}